<record xmlns="http://www.loc.gov/MARC21/slim" xmlns:xsi="http://www.w3.org/2001/XMLSchema-instance" xsi:schemaLocation="http://www.loc.gov/MARC21/slim http://www.loc.gov/standards/marcxml/schema/MARC21slim.xsd"><leader>03294nam a2200529   4500</leader><controlfield tag="001">001949176</controlfield><controlfield tag="003">NNU</controlfield><controlfield tag="006">m        d        </controlfield><controlfield tag="007">cr cn |||m|||a</controlfield><controlfield tag="008">140707s1988    ir ah   ob    001 0 arard</controlfield><datafield ind1=" " ind2=" " tag="040"><subfield code="a">NNU</subfield><subfield code="b">eng</subfield><subfield code="c">NNU</subfield></datafield><datafield ind1="0" ind2=" " tag="041"><subfield code="a">ara</subfield><subfield code="a">per</subfield></datafield><datafield ind1=" " ind2="4" tag="050"><subfield code="a">B753.I23</subfield><subfield code="b">T34 1988</subfield></datafield><datafield ind1="0" ind2=" " tag="100"><subfield code="6">880-01</subfield><subfield code="a">Ibn al-&#699;Arabi&#772;,</subfield><subfield code="d">1165-1240.</subfield></datafield><datafield ind1="1" ind2="3" tag="245"><subfield code="6">880-02</subfield><subfield code="a">al-Tajalliya&#772;t al-ila&#772;hi&#772;yah</subfield><subfield code="h">[electronic resource] /</subfield><subfield code="c">Muh&#803;yi&#772; al-Di&#772;n ibn al-&#699;Arabi&#772; ; hamra&#772;h ba&#772; ta&#699;li&#772;qa&#772;t Ibn Su&#772;dki&#772;n va Kashf al-gha&#772;ya&#772;t fi&#772; sharh&#803; ma&#772; iktanafat &#699;alayhi al-Tajalliya&#772;t ; tah&#803;qi&#772;q &#699;Uthma&#772;n Isma&#772;&#699;i&#772;l Yah&#803;ya&#769;.</subfield></datafield><datafield ind1="1" ind2="5" tag="246"><subfield code="a">Ibn al-&#699;Arabi&#772;'s al-Tajalliya&#772;t al-ila&#772;hiyya</subfield></datafield><datafield ind1=" " ind2=" " tag="260"><subfield code="6">880-03</subfield><subfield code="a">T&#803;ihra&#772;n :</subfield><subfield code="b">Markaz-i Nashr-i Da&#772;nishga&#772;hi&#772;,</subfield><subfield code="c">1988.</subfield></datafield><datafield ind1=" " ind2=" " tag="300"><subfield code="a">online resource (10, 675 p.) :</subfield><subfield code="b">ill., facsims.</subfield></datafield><datafield ind1="1" ind2=" " tag="490"><subfield code="6">880-04</subfield><subfield code="a">Markaz-i Nashr-i Da&#772;nishga&#772;hi&#772; ;</subfield><subfield code="v">369.</subfield><subfield code="a">Falsafah ;</subfield><subfield code="v">19</subfield></datafield><datafield ind1=" " ind2=" " tag="500"><subfield code="a">Part of the Arabic Collections Online (ACO) project, contributed by New York Univeristy Libraries.</subfield></datafield><datafield ind1=" " ind2=" " tag="504"><subfield code="a">Includes bibliographical references (p. 659-675) and indexes.</subfield></datafield><datafield ind1=" " ind2=" " tag="500"><subfield code="a">Preface in Persian.</subfield></datafield><datafield ind1=" " ind2=" " tag="533"><subfield code="a">Electronic reproduction.</subfield><subfield code="b">New York, N.Y. :</subfield><subfield code="c">New York University,</subfield><subfield code="d">2014.</subfield><subfield code="5">NNU</subfield></datafield><datafield ind1=" " ind2=" " tag="546"><subfield code="a">Text in Arabic, introd. in Persian.</subfield></datafield><datafield ind1=" " ind2="0" tag="650"><subfield code="a">Mysticism</subfield><subfield code="x">Islam</subfield><subfield code="v">Early works to 1800.</subfield></datafield><datafield ind1="0" ind2="0" tag="600"><subfield code="6">880-05</subfield><subfield code="a">Ibn al-&#699;Arabi&#772;,</subfield><subfield code="d">1165-1240.</subfield><subfield code="t">Tajalliya&#772;t al-ila&#772;hi&#772;yah.</subfield></datafield><datafield ind1="1" ind2=" " tag="700"><subfield code="6">880-06</subfield><subfield code="a">Yah&#803;ya&#769;, &#699;Uthma&#772;n.</subfield></datafield><datafield ind1="1" ind2=" " tag="700"><subfield code="6">880-07</subfield><subfield code="a">Nu&#772;ri&#772;, Isma&#772;&#699;i&#772;l ibn Sawdaki&#772;n,</subfield><subfield code="d">1192 or 1193-1248 or 1249.</subfield></datafield><datafield ind1="2" ind2=" " tag="710"><subfield code="a">New York University.</subfield><subfield code="b">Libraries.</subfield></datafield><datafield ind1="0" ind2=" " tag="730"><subfield code="a">Arabic Collections Online.</subfield></datafield><datafield ind1="0" ind2="1" tag="740"><subfield code="6">880-08</subfield><subfield code="a">Kashf al-gha&#772;ya&#772;t fi&#772; sharh&#803; ma&#772; iktanafat &#699;alayhi al-Tajalliya&#772;t.</subfield></datafield><datafield ind1="0" ind2="8" tag="776"><subfield code="i">Online version:</subfield><subfield code="a">Ibn al-&#699;Arabi&#772;, 1165-1240.</subfield><subfield code="t">Tajalliya&#772;t al-ila&#772;hi&#772;yah.</subfield><subfield code="d">T&#803;ihra&#772;n : Markaz-i Nashr-i Da&#772;nishga&#772;hi&#772;, 1988</subfield><subfield code="w">(OCoLC)556522234</subfield></datafield><datafield ind1="0" ind2="8" tag="776"><subfield code="i">Print version:</subfield><subfield code="a">Ibn al-&#699;Arabi&#772;, 1165-1240.</subfield><subfield code="t">al-Tajalliya&#772;t al-ila&#772;hi&#772;yah</subfield><subfield code="w">(NNU)001949176</subfield><subfield code="w">(DLC)   89933580 </subfield><subfield code="w">(OCoLC)24928536</subfield></datafield><datafield ind1=" " ind2="0" tag="830"><subfield code="6">880-09</subfield><subfield code="a">Markaz-i Nashr-i Da&#772;nishga&#772;hi&#772; (Series) ;</subfield><subfield code="v">369.</subfield></datafield><datafield ind1=" " ind2="0" tag="830"><subfield code="6">880-10</subfield><subfield code="a">Markaz-i Nashr-i Da&#772;nishga&#772;hi&#772; (Series).</subfield><subfield code="p">Falsafah ;</subfield><subfield code="v">19.</subfield></datafield><datafield ind1="4" ind2="0" tag="856"><subfield code="u">http://hdl.handle.net/2333.1/cfxpnxph</subfield></datafield><datafield ind1="0" ind2=" " tag="880"><subfield code="6">100-01/r</subfield><subfield code="a">&#1575;&#1576;&#1606; &#1575;&#1604;&#1593;&#1585;&#1576;&#1610;.</subfield></datafield><datafield ind1="1" ind2="2" tag="880"><subfield code="6">245-02/r</subfield><subfield code="a">&#1575;&#1604;&#1578;&#1580;&#1604;&#1610;&#1575;&#1578; &#1575;&#1604;&#1575;&#1604;&#1607;&#1610;&#1577; /</subfield><subfield code="c">&#1605;&#1581;&#1610;&#1609; &#1575;&#1604;&#1583;&#1610;&#1606; &#1576;&#1606; &#1575;&#1604;&#1593;&#1585;&#1576;&#1610; &#1563; &#1607;&#1605;&#1585;&#1575;&#1607; &#1576;&#1575; &#1578;&#1593;&#1604;&#1610;&#1602;&#1575;&#1578; &#1575;&#1576;&#1606; &#1587;&#1608;&#1583;&#1603;&#1610;&#1606; &#1608; &#1603;&#1588;&#1601; &#1575;&#1604;&#1594;&#1575;&#1610;&#1575;&#1578; &#1601;&#1610; &#1588;&#1585;&#1581; &#1605;&#1575; &#1575;&#1603;&#1578;&#1606;&#1601;&#1578; &#1593;&#1604;&#1610;&#1607; &#1575;&#1604;&#1578;&#1580;&#1604;&#1610;&#1575;&#1578; &#1563; &#1578;&#1581;&#1602;&#1610;&#1602; &#1593;&#1579;&#1605;&#1575;&#1606; &#1575;&#1587;&#1605;&#1575;&#1593;&#1610;&#1604; &#1610;&#1581;&#1610;&#1609;.</subfield></datafield><datafield ind1=" " ind2=" " tag="880"><subfield code="6">260-03/r</subfield><subfield code="a">&#1591;&#1607;&#1585;&#1575;&#1606; :</subfield><subfield code="b">&#1605;&#1585;&#1603;&#1586; &#1606;&#1588;&#1585; &#1583;&#1575;&#1606;&#1588;&#1711;&#1575;&#1607;&#1610;&#1548;</subfield><subfield code="c">1988.</subfield></datafield><datafield ind1="1" ind2=" " tag="880"><subfield code="6">490-04/r</subfield><subfield code="a">&#1605;&#1585;&#1603;&#1586; &#1606;&#1588;&#1585; &#1583;&#1575;&#1606;&#1588;&#1711;&#1575;&#1607;&#1610; &#1563;</subfield><subfield code="v">369.</subfield><subfield code="a">&#1601;&#1604;&#1587;&#1601;&#1577; &#1563;</subfield><subfield code="v">19</subfield></datafield><datafield ind1="0" ind2="4" tag="880"><subfield code="6">600-05/r</subfield><subfield code="a">&#1575;&#1576;&#1606; &#1575;&#1604;&#1593;&#1585;&#1576;&#1610;.</subfield><subfield code="t">&#1578;&#1580;&#1604;&#1610;&#1575;&#1578; &#1575;&#1604;&#1573;&#1604;&#1607;&#1610;&#1577;.</subfield></datafield><datafield ind1="1" ind2=" " tag="880"><subfield code="6">700-06/r</subfield><subfield code="a">&#1610;&#1581;&#1610;&#1609;&#1548; &#1593;&#1579;&#1605;&#1575;&#1606;.</subfield></datafield><datafield ind1="1" ind2=" " tag="880"><subfield code="6">700-07/r</subfield><subfield code="a">&#1606;&#1608;&#1585;&#1610;&#1548; &#1575;&#1587;&#1605;&#1575;&#1593;&#1610;&#1604; &#1576;&#1606; &#1587;&#1608;&#1583;&#1603;&#1610;&#1606;&#1548;</subfield><subfield code="d">1192 or 3-1248 or 9.</subfield></datafield><datafield ind1="0" ind2=" " tag="880"><subfield code="6">740-08/r</subfield><subfield code="a">&#1603;&#1588;&#1601; &#1575;&#1604;&#1594;&#1575;&#1610;&#1575;&#1578; &#1601;&#1610; &#1588;&#1585;&#1581; &#1605;&#1575; &#1575;&#1603;&#1578;&#1606;&#1601;&#1578; &#1593;&#1604;&#1610;&#1607; &#1575;&#1604;&#1578;&#1580;&#1604;&#1610;&#1575;&#1578;.</subfield></datafield><datafield ind1=" " ind2="0" tag="880"><subfield code="6">830-09/r</subfield><subfield code="a">&#1605;&#1585;&#1603;&#1586; &#1606;&#1588;&#1585; &#1583;&#1575;&#1606;&#1588;&#1711;&#1575;&#1607;&#1610; &#1563;</subfield><subfield code="v">369.</subfield></datafield><datafield ind1=" " ind2="0" tag="880"><subfield code="6">830-10/r</subfield><subfield code="a">&#1605;&#1585;&#1603;&#1586; &#1606;&#1588;&#1585; &#1583;&#1575;&#1606;&#1588;&#1711;&#1575;&#1607;&#1610;.</subfield><subfield code="p">&#1601;&#1604;&#1587;&#1601;&#1577; &#1563;</subfield><subfield code="v">19.</subfield></datafield><datafield ind1=" " ind2=" " tag="959"><subfield code="a">NNU</subfield><subfield code="b">WEB</subfield><subfield code="c">GENI</subfield><subfield code="t">0</subfield><subfield code="m">Electronic access</subfield><subfield code="s">01</subfield></datafield></record>